@online{fen-wiki,
    author={Wikipedia},
    title={Forsyth-Edwards-Notation},
    url={https://de.wikipedia.org/wiki/Forsyth-Edwards-Notation},
    urldate={2024-05-17},
    year={2024}
}

@book{example,
  title={The Title of the Book},
  author={The Author},
  publisher={The Publisher},
  year={2017},
}

@image{star-wars,
  author={Unknown},
  title={The Title of the Image},
  year={2017},
  url={http://img.lum.dolimg.com/v1/images/tfa_poster_wide_header_adb92fa0.jpeg?region=61\%2C271\%2C1937\%2C1089&width=600},
  urldate={2024-05-17},
}

@book{buch1,
    author={Hans Muster},
    title={Mein Buch},
    year={2024},
    publisher={Verlag 1},
}

@book{buch2,
    author={Petra Muster},
    title={Auch Mein Buch},
    year={2024},
    publisher={Verlag 2},
}